@article{ortiz2024analisis,
  title={An{\'a}lisis comparativo del rendimiento de servicios de red en plataformas Windows y Linux: Comparative analysis of network services performance on Windows and Linux platforms},
  author={Ortiz, Jes{\'u}s Roberto M{\'e}ndez and Juan, Jisell Adamari Garc{\'\i}a and Rivera, Carlos Alberto Ochoa and Luna, Alicia Yazm{\'\i}n Rojas and Landa, Alberto Jair Cruz},
  journal={Tecnolog{\'\i}a Educativa Revista CONAIC},
  volume={11},
  number={1},
  pages={27--34},
  year={2024}
}
@article{alzhrani2015windows,
  title={Windows and linux random number generation process: A comparative analysis},
  author={Alzhrani, Khudran and Aljaedi, Amer},
  journal={International Journal of Computer Applications},
  volume={113},
  number={8},
  year={2015},
  publisher={Foundation of Computer Science}
}
@article{khan2020comparative,
  title={Comparative study of Linux and Windows},
  author={Khan, Umaima},
  journal={International Journal of Academic Research in Business, Arts and Science (IJARBAS)},
  volume={2},
  pages={53--70},
  year={2020}
}
@article{najmuddin2021comparative,
  title={Comparative analysis of power consumption of the linux and its distribution operating systems vs windows and MAC operating systems},
  author={Najmuddin, Sayed and Atal, Zabihullah and Ziar, Riaz Ahmad},
  journal={Technology},
  volume={3},
  number={1},
  pages={96--109},
  year={2021}
}
@article{tsegaye2004comparison,
  title={A comparison of the Linux and Windows device driver architectures},
  author={Tsegaye, Melekam and Foss, Richard},
  journal={ACM SIGOPS Operating Systems Review},
  volume={38},
  number={2},
  pages={8--33},
  year={2004},
  publisher={ACM New York, NY, USA}
}
